%YAML 1.1
%TAG !u! tag:unity3d.com,2011:
--- !u!1 &3145843728614790786
GameObject:
  m_ObjectHideFlags: 0
  m_CorrespondingSourceObject: {fileID: 0}
  m_PrefabInstance: {fileID: 0}
  m_PrefabAsset: {fileID: 0}
  serializedVersion: 6
  m_Component:
  - component: {fileID: 4193335346060936766}
  - component: {fileID: 5155867459242590678}
  - component: {fileID: 1613122325431610993}
  m_Layer: 5
  m_Name: Bar
  m_TagString: Untagged
  m_Icon: {fileID: 0}
  m_NavMeshLayer: 0
  m_StaticEditorFlags: 0
  m_IsActive: 0
--- !u!224 &4193335346060936766
RectTransform:
  m_ObjectHideFlags: 0
  m_CorrespondingSourceObject: {fileID: 0}
  m_PrefabInstance: {fileID: 0}
  m_PrefabAsset: {fileID: 0}
  m_GameObject: {fileID: 3145843728614790786}
  m_LocalRotation: {x: 0, y: 0, z: 0, w: 1}
  m_LocalPosition: {x: 0, y: 0, z: 0}
  m_LocalScale: {x: 1, y: 1, z: 1}
  m_Children: []
  m_Father: {fileID: 8066357676695274869}
  m_RootOrder: 1
  m_LocalEulerAnglesHint: {x: 0, y: 0, z: 0}
  m_AnchorMin: {x: 0.5, y: 0.5}
  m_AnchorMax: {x: 0.5, y: 0.5}
  m_AnchoredPosition: {x: -0.000048637, y: 52.54}
  m_SizeDelta: {x: 100, y: 13.08}
  m_Pivot: {x: 0.5, y: 0.5}
--- !u!222 &5155867459242590678
CanvasRenderer:
  m_ObjectHideFlags: 0
  m_CorrespondingSourceObject: {fileID: 0}
  m_PrefabInstance: {fileID: 0}
  m_PrefabAsset: {fileID: 0}
  m_GameObject: {fileID: 3145843728614790786}
  m_CullTransparentMesh: 0
--- !u!114 &1613122325431610993
MonoBehaviour:
  m_ObjectHideFlags: 0
  m_CorrespondingSourceObject: {fileID: 0}
  m_PrefabInstance: {fileID: 0}
  m_PrefabAsset: {fileID: 0}
  m_GameObject: {fileID: 3145843728614790786}
  m_Enabled: 1
  m_EditorHideFlags: 0
  m_Script: {fileID: 11500000, guid: fe87c0e1cc204ed48ad3b37840f39efc, type: 3}
  m_Name: 
  m_EditorClassIdentifier: 
  m_Material: {fileID: 0}
  m_Color: {r: 0, g: 1, b: 0.097765446, a: 1}
  m_RaycastTarget: 1
  m_OnCullStateChanged:
    m_PersistentCalls:
      m_Calls: []
  m_Sprite: {fileID: 10907, guid: 0000000000000000f000000000000000, type: 0}
  m_Type: 3
  m_PreserveAspect: 0
  m_FillCenter: 1
  m_FillMethod: 0
  m_FillAmount: 1
  m_FillClockwise: 1
  m_FillOrigin: 0
  m_UseSpriteMesh: 0
  m_PixelsPerUnitMultiplier: 1
--- !u!1 &8066357675583978576
GameObject:
  m_ObjectHideFlags: 0
  m_CorrespondingSourceObject: {fileID: 0}
  m_PrefabInstance: {fileID: 0}
  m_PrefabAsset: {fileID: 0}
  serializedVersion: 6
  m_Component:
  - component: {fileID: 8066357675583978577}
  - component: {fileID: 8066357675583978579}
  - component: {fileID: 8066357675583978578}
  m_Layer: 5
  m_Name: Amount
  m_TagString: Untagged
  m_Icon: {fileID: 0}
  m_NavMeshLayer: 0
  m_StaticEditorFlags: 0
  m_IsActive: 1
--- !u!224 &8066357675583978577
RectTransform:
  m_ObjectHideFlags: 0
  m_CorrespondingSourceObject: {fileID: 0}
  m_PrefabInstance: {fileID: 0}
  m_PrefabAsset: {fileID: 0}
  m_GameObject: {fileID: 8066357675583978576}
  m_LocalRotation: {x: 0, y: 0, z: 0, w: 1}
  m_LocalPosition: {x: 0, y: 0, z: 0}
  m_LocalScale: {x: 1, y: 1, z: 1}
  m_Children: []
  m_Father: {fileID: 8066357676695274869}
  m_RootOrder: 0
  m_LocalEulerAnglesHint: {x: 0, y: 0, z: 0}
  m_AnchorMin: {x: 0.5, y: 0.5}
  m_AnchorMax: {x: 0.5, y: 0.5}
  m_AnchoredPosition: {x: 62.7, y: 24.7}
  m_SizeDelta: {x: 37.4, y: 30.6}
  m_Pivot: {x: 0.5, y: 0.5}
--- !u!222 &8066357675583978579
CanvasRenderer:
  m_ObjectHideFlags: 0
  m_CorrespondingSourceObject: {fileID: 0}
  m_PrefabInstance: {fileID: 0}
  m_PrefabAsset: {fileID: 0}
  m_GameObject: {fileID: 8066357675583978576}
  m_CullTransparentMesh: 0
--- !u!114 &8066357675583978578
MonoBehaviour:
  m_ObjectHideFlags: 0
  m_CorrespondingSourceObject: {fileID: 0}
  m_PrefabInstance: {fileID: 0}
  m_PrefabAsset: {fileID: 0}
  m_GameObject: {fileID: 8066357675583978576}
  m_Enabled: 0
  m_EditorHideFlags: 0
  m_Script: {fileID: 11500000, guid: f4688fdb7df04437aeb418b961361dc5, type: 3}
  m_Name: 
  m_EditorClassIdentifier: 
  m_Material: {fileID: 0}
  m_Color: {r: 1, g: 1, b: 1, a: 1}
  m_RaycastTarget: 1
  m_OnCullStateChanged:
    m_PersistentCalls:
      m_Calls: []
  m_text: 00
  m_isRightToLeft: 0
  m_fontAsset: {fileID: 11400000, guid: 8f586378b4e144a9851e7b34d9b748ee, type: 2}
  m_sharedMaterial: {fileID: 2180264, guid: 8f586378b4e144a9851e7b34d9b748ee, type: 2}
  m_fontSharedMaterials: []
  m_fontMaterial: {fileID: 0}
  m_fontMaterials: []
  m_fontColor32:
    serializedVersion: 2
    rgba: 4294967295
  m_fontColor: {r: 1, g: 1, b: 1, a: 1}
  m_enableVertexGradient: 0
  m_colorMode: 3
  m_fontColorGradient:
    topLeft: {r: 1, g: 1, b: 1, a: 1}
    topRight: {r: 1, g: 1, b: 1, a: 1}
    bottomLeft: {r: 1, g: 1, b: 1, a: 1}
    bottomRight: {r: 1, g: 1, b: 1, a: 1}
  m_fontColorGradientPreset: {fileID: 0}
  m_spriteAsset: {fileID: 0}
  m_tintAllSprites: 0
  m_overrideHtmlColors: 0
  m_faceColor:
    serializedVersion: 2
    rgba: 4294967295
  m_outlineColor:
    serializedVersion: 2
    rgba: 4278190080
  m_fontSize: 27.35
  m_fontSizeBase: 36
  m_fontWeight: 400
  m_enableAutoSizing: 1
  m_fontSizeMin: 10
  m_fontSizeMax: 72
  m_fontStyle: 0
  m_textAlignment: 514
  m_characterSpacing: 0
  m_wordSpacing: 0
  m_lineSpacing: 0
  m_lineSpacingMax: 0
  m_paragraphSpacing: 0
  m_charWidthMaxAdj: 0
  m_enableWordWrapping: 1
  m_wordWrappingRatios: 0.4
  m_overflowMode: 0
  m_firstOverflowCharacterIndex: -1
  m_linkedTextComponent: {fileID: 0}
  m_isLinkedTextComponent: 0
  m_isTextTruncated: 0
  m_enableKerning: 1
  m_enableExtraPadding: 0
  checkPaddingRequired: 0
  m_isRichText: 1
  m_parseCtrlCharacters: 1
  m_isOrthographic: 1
  m_isCullingEnabled: 0
  m_ignoreRectMaskCulling: 0
  m_ignoreCulling: 1
  m_horizontalMapping: 0
  m_verticalMapping: 0
  m_uvLineOffset: 0
  m_geometrySortingOrder: 0
  m_VertexBufferAutoSizeReduction: 1
  m_firstVisibleCharacter: 0
  m_useMaxVisibleDescender: 1
  m_pageToDisplay: 1
  m_margin: {x: 0, y: 0, z: 0, w: 0}
  m_textInfo:
    textComponent: {fileID: 8066357675583978578}
    characterCount: 0
    spriteCount: 0
    spaceCount: 0
    wordCount: 0
    linkCount: 0
    lineCount: 0
    pageCount: 0
    materialCount: 1
  m_isUsingLegacyAnimationComponent: 0
  m_isVolumetricText: 0
  m_spriteAnimator: {fileID: 0}
  m_hasFontAssetChanged: 0
  m_subTextObjects:
  - {fileID: 0}
  - {fileID: 0}
  - {fileID: 0}
  - {fileID: 0}
  - {fileID: 0}
  - {fileID: 0}
  - {fileID: 0}
  - {fileID: 0}
  m_baseMaterial: {fileID: 0}
  m_maskOffset: {x: 0, y: 0, z: 0, w: 0}
--- !u!1 &8066357676695274868
GameObject:
  m_ObjectHideFlags: 0
  m_CorrespondingSourceObject: {fileID: 0}
  m_PrefabInstance: {fileID: 0}
  m_PrefabAsset: {fileID: 0}
  serializedVersion: 6
  m_Component:
  - component: {fileID: 8066357676695274869}
  - component: {fileID: 8066357676695274856}
  - component: {fileID: 8066357676695274871}
  - component: {fileID: 6712595043738425167}
  - component: {fileID: 1950810130172498494}
  m_Layer: 5
  m_Name: B_Tool
  m_TagString: Untagged
  m_Icon: {fileID: 0}
  m_NavMeshLayer: 0
  m_StaticEditorFlags: 0
  m_IsActive: 1
--- !u!224 &8066357676695274869
RectTransform:
  m_ObjectHideFlags: 0
  m_CorrespondingSourceObject: {fileID: 0}
  m_PrefabInstance: {fileID: 0}
  m_PrefabAsset: {fileID: 0}
  m_GameObject: {fileID: 8066357676695274868}
  m_LocalRotation: {x: 0, y: 0, z: 0, w: 1}
  m_LocalPosition: {x: 0, y: 0, z: 0}
  m_LocalScale: {x: 0.02, y: 0.02, z: 0.02}
  m_Children:
  - {fileID: 8066357675583978577}
  - {fileID: 4193335346060936766}
  - {fileID: 549783115869259876}
  m_Father: {fileID: 0}
  m_RootOrder: 0
  m_LocalEulerAnglesHint: {x: 0, y: 0, z: 0}
  m_AnchorMin: {x: 0.5, y: 0.5}
  m_AnchorMax: {x: 0.5, y: 0.5}
  m_AnchoredPosition: {x: -19.77, y: 0.000000089407}
  m_SizeDelta: {x: 80, y: 80}
  m_Pivot: {x: 0.5, y: 0.5}
--- !u!222 &8066357676695274856
CanvasRenderer:
  m_ObjectHideFlags: 0
  m_CorrespondingSourceObject: {fileID: 0}
  m_PrefabInstance: {fileID: 0}
  m_PrefabAsset: {fileID: 0}
  m_GameObject: {fileID: 8066357676695274868}
  m_CullTransparentMesh: 0
--- !u!114 &8066357676695274871
MonoBehaviour:
  m_ObjectHideFlags: 0
  m_CorrespondingSourceObject: {fileID: 0}
  m_PrefabInstance: {fileID: 0}
  m_PrefabAsset: {fileID: 0}
  m_GameObject: {fileID: 8066357676695274868}
  m_Enabled: 1
  m_EditorHideFlags: 0
  m_Script: {fileID: 11500000, guid: fe87c0e1cc204ed48ad3b37840f39efc, type: 3}
  m_Name: 
  m_EditorClassIdentifier: 
  m_Material: {fileID: 0}
  m_Color: {r: 1, g: 1, b: 1, a: 1}
  m_RaycastTarget: 1
  m_OnCullStateChanged:
    m_PersistentCalls:
      m_Calls: []
  m_Sprite: {fileID: 0}
  m_Type: 0
  m_PreserveAspect: 0
  m_FillCenter: 1
  m_FillMethod: 4
  m_FillAmount: 1
  m_FillClockwise: 1
  m_FillOrigin: 0
  m_UseSpriteMesh: 0
  m_PixelsPerUnitMultiplier: 1
--- !u!114 &6712595043738425167
MonoBehaviour:
  m_ObjectHideFlags: 0
  m_CorrespondingSourceObject: {fileID: 0}
  m_PrefabInstance: {fileID: 0}
  m_PrefabAsset: {fileID: 0}
  m_GameObject: {fileID: 8066357676695274868}
  m_Enabled: 1
  m_EditorHideFlags: 0
  m_Script: {fileID: 11500000, guid: 559b7453a3afb9141afc4ebcb266f09d, type: 3}
  m_Name: 
  m_EditorClassIdentifier: 
  bar: {fileID: 1613122325431610993}
--- !u!114 &1950810130172498494
MonoBehaviour:
  m_ObjectHideFlags: 0
  m_CorrespondingSourceObject: {fileID: 0}
  m_PrefabInstance: {fileID: 0}
  m_PrefabAsset: {fileID: 0}
  m_GameObject: {fileID: 8066357676695274868}
  m_Enabled: 1
  m_EditorHideFlags: 0
  m_Script: {fileID: 11500000, guid: 87c9ab4912ec6cf49b493ffd102c66cc, type: 3}
  m_Name: 
  m_EditorClassIdentifier: 
  idleSprite: {fileID: 21300000, guid: 7f4ab2136d420694db67f270218dc464, type: 3}
  hoverSprite: {fileID: 21300000, guid: c5f8da707a544b54f8e124a8714a3ac0, type: 3}
  leftClickSprite: {fileID: 21300000, guid: c374227cafe770242b5023983141c591, type: 3}
  rightClickSprite: {fileID: 21300000, guid: f45fe499d0bcac54da78e51ee808dcff, type: 3}
  lockSprite: {fileID: 21300000, guid: 5a533ccb7a1200140b2c6883dfa50dee, type: 3}
  clickEvent:
    m_PersistentCalls:
      m_Calls: []
  buttonType: 0
  gearType: 2
  gearLevel: 0
  lockButton: 0
  isHover: 0
  dialogText: {fileID: 0}
--- !u!1001 &8066357676870169112
PrefabInstance:
  m_ObjectHideFlags: 0
  serializedVersion: 2
  m_Modification:
    m_TransformParent: {fileID: 8066357676695274869}
    m_Modifications:
    - target: {fileID: 7516592737233304151, guid: 53f6b4ec4ac3d654c82ba281a751fd1e,
        type: 3}
      propertyPath: m_AnchoredPosition.x
      value: -0.33839998
      objectReference: {fileID: 0}
    - target: {fileID: 7516592737233304151, guid: 53f6b4ec4ac3d654c82ba281a751fd1e,
        type: 3}
      propertyPath: m_SizeDelta.x
      value: -0.67679995
      objectReference: {fileID: 0}
    - target: {fileID: 7516592737233304151, guid: 53f6b4ec4ac3d654c82ba281a751fd1e,
        type: 3}
      propertyPath: m_AnchoredPosition.y
      value: 0
      objectReference: {fileID: 0}
    - target: {fileID: 7516592737233304151, guid: 53f6b4ec4ac3d654c82ba281a751fd1e,
        type: 3}
      propertyPath: m_SizeDelta.y
      value: -2.3192115e-11
      objectReference: {fileID: 0}
    - target: {fileID: 7516592737421705368, guid: 53f6b4ec4ac3d654c82ba281a751fd1e,
        type: 3}
      propertyPath: m_AnchoredPosition.x
      value: 0.21759993
      objectReference: {fileID: 0}
    - target: {fileID: 7516592737421705368, guid: 53f6b4ec4ac3d654c82ba281a751fd1e,
        type: 3}
      propertyPath: m_SizeDelta.x
      value: -1.5999999
      objectReference: {fileID: 0}
    - target: {fileID: 7516592737421705368, guid: 53f6b4ec4ac3d654c82ba281a751fd1e,
        type: 3}
      propertyPath: m_AnchoredPosition.y
      value: 0
      objectReference: {fileID: 0}
    - target: {fileID: 7516592737421705368, guid: 53f6b4ec4ac3d654c82ba281a751fd1e,
        type: 3}
      propertyPath: m_SizeDelta.y
      value: 0
      objectReference: {fileID: 0}
    - target: {fileID: 7516592737620515436, guid: 53f6b4ec4ac3d654c82ba281a751fd1e,
        type: 3}
      propertyPath: m_AnchoredPosition.x
      value: 0.17040002
      objectReference: {fileID: 0}
    - target: {fileID: 7516592737620515436, guid: 53f6b4ec4ac3d654c82ba281a751fd1e,
        type: 3}
      propertyPath: m_SizeDelta.x
      value: -1.5056001
      objectReference: {fileID: 0}
    - target: {fileID: 7516592737620515436, guid: 53f6b4ec4ac3d654c82ba281a751fd1e,
        type: 3}
      propertyPath: m_AnchoredPosition.y
      value: -0.00000023841858
      objectReference: {fileID: 0}
    - target: {fileID: 7516592737620515436, guid: 53f6b4ec4ac3d654c82ba281a751fd1e,
        type: 3}
      propertyPath: m_SizeDelta.y
      value: 0
      objectReference: {fileID: 0}
    - target: {fileID: 7516592738539829827, guid: 53f6b4ec4ac3d654c82ba281a751fd1e,
        type: 3}
      propertyPath: m_Name
      value: Slider
      objectReference: {fileID: 0}
    - target: {fileID: 7516592738539829884, guid: 53f6b4ec4ac3d654c82ba281a751fd1e,
        type: 3}
      propertyPath: m_LocalPosition.x
      value: 0
      objectReference: {fileID: 0}
    - target: {fileID: 7516592738539829884, guid: 53f6b4ec4ac3d654c82ba281a751fd1e,
        type: 3}
      propertyPath: m_LocalPosition.y
      value: 0
      objectReference: {fileID: 0}
    - target: {fileID: 7516592738539829884, guid: 53f6b4ec4ac3d654c82ba281a751fd1e,
        type: 3}
      propertyPath: m_LocalPosition.z
      value: 0
      objectReference: {fileID: 0}
    - target: {fileID: 7516592738539829884, guid: 53f6b4ec4ac3d654c82ba281a751fd1e,
        type: 3}
      propertyPath: m_LocalRotation.x
      value: -0
      objectReference: {fileID: 0}
    - target: {fileID: 7516592738539829884, guid: 53f6b4ec4ac3d654c82ba281a751fd1e,
        type: 3}
      propertyPath: m_LocalRotation.y
      value: -0
      objectReference: {fileID: 0}
    - target: {fileID: 7516592738539829884, guid: 53f6b4ec4ac3d654c82ba281a751fd1e,
        type: 3}
      propertyPath: m_LocalRotation.z
      value: -0
      objectReference: {fileID: 0}
    - target: {fileID: 7516592738539829884, guid: 53f6b4ec4ac3d654c82ba281a751fd1e,
        type: 3}
      propertyPath: m_LocalRotation.w
      value: 1
      objectReference: {fileID: 0}
    - target: {fileID: 7516592738539829884, guid: 53f6b4ec4ac3d654c82ba281a751fd1e,
        type: 3}
      propertyPath: m_RootOrder
      value: 2
      objectReference: {fileID: 0}
    - target: {fileID: 7516592738539829884, guid: 53f6b4ec4ac3d654c82ba281a751fd1e,
        type: 3}
      propertyPath: m_LocalEulerAnglesHint.x
      value: 0
      objectReference: {fileID: 0}
    - target: {fileID: 7516592738539829884, guid: 53f6b4ec4ac3d654c82ba281a751fd1e,
        type: 3}
      propertyPath: m_LocalEulerAnglesHint.y
      value: 0
      objectReference: {fileID: 0}
    - target: {fileID: 7516592738539829884, guid: 53f6b4ec4ac3d654c82ba281a751fd1e,
        type: 3}
      propertyPath: m_LocalEulerAnglesHint.z
      value: 0
      objectReference: {fileID: 0}
    - target: {fileID: 7516592738539829884, guid: 53f6b4ec4ac3d654c82ba281a751fd1e,
        type: 3}
      propertyPath: m_AnchoredPosition.x
      value: 0
      objectReference: {fileID: 0}
    - target: {fileID: 7516592738539829884, guid: 53f6b4ec4ac3d654c82ba281a751fd1e,
        type: 3}
      propertyPath: m_AnchoredPosition.y
      value: 51.857
      objectReference: {fileID: 0}
    - target: {fileID: 7516592738539829884, guid: 53f6b4ec4ac3d654c82ba281a751fd1e,
        type: 3}
      propertyPath: m_SizeDelta.x
      value: 1.6
      objectReference: {fileID: 0}
    - target: {fileID: 7516592738539829884, guid: 53f6b4ec4ac3d654c82ba281a751fd1e,
        type: 3}
      propertyPath: m_SizeDelta.y
      value: 0.24
      objectReference: {fileID: 0}
    - target: {fileID: 7516592738539829884, guid: 53f6b4ec4ac3d654c82ba281a751fd1e,
        type: 3}
      propertyPath: m_AnchorMin.x
      value: 0.5
      objectReference: {fileID: 0}
    - target: {fileID: 7516592738539829884, guid: 53f6b4ec4ac3d654c82ba281a751fd1e,
        type: 3}
      propertyPath: m_AnchorMin.y
      value: 0.5
      objectReference: {fileID: 0}
    - target: {fileID: 7516592738539829884, guid: 53f6b4ec4ac3d654c82ba281a751fd1e,
        type: 3}
      propertyPath: m_AnchorMax.x
      value: 0.5
      objectReference: {fileID: 0}
    - target: {fileID: 7516592738539829884, guid: 53f6b4ec4ac3d654c82ba281a751fd1e,
        type: 3}
      propertyPath: m_AnchorMax.y
      value: 0.5
      objectReference: {fileID: 0}
    - target: {fileID: 7516592738539829884, guid: 53f6b4ec4ac3d654c82ba281a751fd1e,
        type: 3}
      propertyPath: m_Pivot.x
      value: 0.5
      objectReference: {fileID: 0}
    - target: {fileID: 7516592738539829884, guid: 53f6b4ec4ac3d654c82ba281a751fd1e,
        type: 3}
      propertyPath: m_Pivot.y
      value: 0.5
      objectReference: {fileID: 0}
    - target: {fileID: 7516592738539829884, guid: 53f6b4ec4ac3d654c82ba281a751fd1e,
        type: 3}
      propertyPath: m_LocalScale.x
      value: 49.99999
      objectReference: {fileID: 0}
    - target: {fileID: 7516592738539829884, guid: 53f6b4ec4ac3d654c82ba281a751fd1e,
        type: 3}
      propertyPath: m_LocalScale.y
      value: 49.61323
      objectReference: {fileID: 0}
    - target: {fileID: 7516592738539829884, guid: 53f6b4ec4ac3d654c82ba281a751fd1e,
        type: 3}
      propertyPath: m_LocalScale.z
      value: 40
      objectReference: {fileID: 0}
    - target: {fileID: 7516592738539829885, guid: 53f6b4ec4ac3d654c82ba281a751fd1e,
        type: 3}
      propertyPath: _delayedValue
      value: 0.577
      objectReference: {fileID: 0}
    - target: {fileID: 7516592738539829885, guid: 53f6b4ec4ac3d654c82ba281a751fd1e,
        type: 3}
      propertyPath: _value
      value: 0.636
      objectReference: {fileID: 0}
    - target: {fileID: 7516592738539829885, guid: 53f6b4ec4ac3d654c82ba281a751fd1e,
        type: 3}
      propertyPath: minComparatorValue
      value: 0
      objectReference: {fileID: 0}
    - target: {fileID: 7516592738539829885, guid: 53f6b4ec4ac3d654c82ba281a751fd1e,
        type: 3}
      propertyPath: maxComparatorValue
      value: 0
      objectReference: {fileID: 0}
    - target: {fileID: 7516592738704864044, guid: 53f6b4ec4ac3d654c82ba281a751fd1e,
        type: 3}
      propertyPath: m_Color.g
      value: 0.019995866
      objectReference: {fileID: 0}
    - target: {fileID: 7516592738704864051, guid: 53f6b4ec4ac3d654c82ba281a751fd1e,
        type: 3}
      propertyPath: m_AnchoredPosition.x
      value: -0.8
      objectReference: {fileID: 0}
    - target: {fileID: 7516592738704864051, guid: 53f6b4ec4ac3d654c82ba281a751fd1e,
        type: 3}
      propertyPath: m_SizeDelta.x
      value: -1.6
      objectReference: {fileID: 0}
    - target: {fileID: 7516592738704864051, guid: 53f6b4ec4ac3d654c82ba281a751fd1e,
        type: 3}
      propertyPath: m_AnchoredPosition.y
      value: 0.174
      objectReference: {fileID: 0}
    - target: {fileID: 7516592738704864051, guid: 53f6b4ec4ac3d654c82ba281a751fd1e,
        type: 3}
      propertyPath: m_SizeDelta.y
      value: -0.112
      objectReference: {fileID: 0}
    m_RemovedComponents: []
  m_SourcePrefab: {fileID: 100100000, guid: 53f6b4ec4ac3d654c82ba281a751fd1e, type: 3}
--- !u!224 &549783115869259876 stripped
RectTransform:
  m_CorrespondingSourceObject: {fileID: 7516592738539829884, guid: 53f6b4ec4ac3d654c82ba281a751fd1e,
    type: 3}
  m_PrefabInstance: {fileID: 8066357676870169112}
  m_PrefabAsset: {fileID: 0}
